@article{blundell,
  title={Weight uncertainty in neural networks},
  author={Blundell, Charles and Cornebise, Julien and Kavukcuoglu, Koray and Wierstra, Daan},
  journal={arXiv preprint arXiv:1505.05424},
  year={2015}
}

@article{mnist,
  added-at = {2010-06-28T21:16:30.000+0200},
  author = {LeCun, Yann and Cortes, Corinna},
  biburl = {https://www.bibsonomy.org/bibtex/2935bad99fa1f65e03c25b315aa3c1032/mhwombat},
  groups = {public},
  howpublished = {http://yann.lecun.com/exdb/mnist/},
  interhash = {21b9d0558bd66279df9452562df6e6f3},
  intrahash = {935bad99fa1f65e03c25b315aa3c1032},
  keywords = {MSc _checked character_recognition mnist network neural},
  lastchecked = {2016-01-14 14:24:11},
  timestamp = {2016-07-12T19:25:30.000+0200},
  title = {{MNIST} handwritten digit database},
  url = {http://yann.lecun.com/exdb/mnist/},
  username = {mhwombat},
  year = 2010
}

@misc{mushroom,
  author = "Bache, Kevin and Lichman, Moshe",
  year = "2017",
  title = "{UCI} {M}achine {L}earning {R}epository---{M}ushroom {D}ata {S}et",
  url = "http://archive.ics.uci.edu/ml/dataset/mushroom",
  institution = "University of California, Irvine, School of Information and Computer Sciences"
} 

@incollection{williams_simple_1992,
	title = {Simple statistical gradient-following algorithms for connectionist reinforcement learning},
	pages = {5--32},
	booktitle = {Reinforcement Learning},
	publisher = {Springer},
	author = {Williams, Ronald J.},
	date = {1992},
	file = {Snapshot:/home/bais/.mozilla/firefox/rn8ot0rs.default/zotero/storage/4ASQMZUW/978-1-4615-3618-5_2.html:text/html;Williams - 1992 - Simple statistical gradient-following algorithms f.pdf:/home/bais/.mozilla/firefox/rn8ot0rs.default/zotero/storage/XW4GMT3D/Williams - 1992 - Simple statistical gradient-following algorithms f.pdf:application/pdf}
}

@article{blei_variational_2017,
	title = {Variational inference: A review for statisticians},
	volume = {112},
	shorttitle = {Variational inference},
	pages = {859--877},
	number = {518},
	journaltitle = {Journal of the American Statistical Association},
	author = {Blei, David M. and Kucukelbir, Alp and {McAuliffe}, Jon D.},
	date = {2017},
	keywords = {{VI}},
	file = {Blei et al. - 2017 - Variational inference A review for statisticians.pdf:/home/bais/.mozilla/firefox/rn8ot0rs.default/zotero/storage/B2KM8EU4/Blei et al. - 2017 - Variational inference A review for statisticians.pdf:application/pdf;Snapshot:/home/bais/.mozilla/firefox/rn8ot0rs.default/zotero/storage/7MB7AJTG/01621459.2017.html:text/html}
}

@article{hoffman_stochastic_2013,
	title = {Stochastic variational inference},
	volume = {14},
	pages = {1303--1347},
	number = {1},
	journaltitle = {The Journal of Machine Learning Research},
	author = {Hoffman, Matthew D. and Blei, David M. and Wang, Chong and Paisley, John},
	date = {2013},
	keywords = {{SVI}},
	file = {Hoffman et al. - 2013 - Stochastic variational inference.pdf:/home/bais/.mozilla/firefox/rn8ot0rs.default/zotero/storage/HRNF7MQC/Hoffman et al. - 2013 - Stochastic variational inference.pdf:application/pdf;Snapshot:/home/bais/.mozilla/firefox/rn8ot0rs.default/zotero/storage/BE4TY68K/Hoffman et al. - 2013 - Stochastic variational inference.pdf:application/pdf}
}

@inproceedings{ranganath_black_2014,
	title = {Black box variational inference},
	pages = {814--822},
	booktitle = {Artificial Intelligence and Statistics},
	author = {Ranganath, Rajesh and Gerrish, Sean and Blei, David},
	date = {2014},
	keywords = {{BBVI}},
	file = {Ranganath et al. - 2014 - Black box variational inference.pdf:/home/bais/.mozilla/firefox/rn8ot0rs.default/zotero/storage/GMQGXVSU/Ranganath et al. - 2014 - Black box variational inference.pdf:application/pdf;Snapshot:/home/bais/.mozilla/firefox/rn8ot0rs.default/zotero/storage/PKV6ABGU/Ranganath et al. - 2014 - Black box variational inference.pdf:application/pdf}
}
